@article{
Ego-RNN,
author = {Swathikiran Sudhakaran and Oswald Lanz},
title = {Attention is all we need: Nailing down object-centric attention for egocentric activity recognition},
journal = {British Machine Vision Conference},
year = 2018
}

@article{
self-supervision-mstask,
author = {Swathikiran Sudhakaran and Oswald Lanz},
title = {Joint Encoding of Appearance and Motion Features with Self-supervision for First Person Action Recognition},
journal = {Mirco Planamente, Andrea Bottino and Barbara Caputo},
year = 2020
}